@ARTICLE{weinstein97,
  author = "J N Weinstein and T G Myers and P M O'Connor and S H Friend and Fornace Jr, A J and K W Kohn and T Fojo and S E Bates and L V Rubinstein and N L Anderson and J K Buolamwini and van Osdol, W W and A P Monks and D A Scudiero and E A Sausville and D W Zaharevitz and B Bunow and V N Viswanadhan and G S Johnson and R E Wittes and K D Paull", 
  title="An information-intensive approach to the molecular pharmacology of cancer",
  year=1997,
  journal="Science",
  volume=275,
  issue=5298,
  pages="343--9"
}

@article{eisen98,
title="Cluster analysis and display of genome-wide expression patterns",
author="Eisen, M B and Spellman, P T and Brown, P O and Botstein, D",
journal="Proc Natl Acad Sci U S A",
year=1998,
volume=95,
issue=25,
pages="14863--8",
}

@article{auer-gervini,
author="Auer, P. and Gervini, D",
year=2008,
title="Choosing principal components: a new graphical method based on Bayesian model selection",
journal="Communications in Statistics - Simulation and Computation",
volume=37,
pages="962-977",
}

@article{banerjee05,
author="Arindfam Banerjee and Inderjit S. Dhillon and Joydeep Ghosh and Suvrit Sra",
journal="Journal of Machine Learning Research",
volume=6,
year=2005,
pages="1--39",
title="Clustering on the Unit Hypersphere using von {M}ises-{F}isher Distributions",
}

@article{hornik13,
  author = {Kurt Hornik and Bettina Gr{\" u}n},
  title = {On Conjugate Families and {J}effreys Priors for von
                  {M}ises-{F}isher Distributions},
  journal = {Journal of Statistical Planning and Inference},
  year = 2013,
  volume = 143,
  number = 5,
  month = may,
  pages = {992--999},
  doi = {10.1016/j.jspi.2012.11.003}
}

@Manual{R,
    title = {R: A Language and Environment for Statistical Computing},
    author = {{R Core Team}},
    organization = {R Foundation for Statistical Computing},
    address = {Vienna, Austria},
    year = {2013},
    url = {http://www.R-project.org/},
}

